@article{kinalis2019,
    author = {Kinalis, Savvas and Nielsen, Finn Cilius and Winther, Ole and Bagger, Frederik Otzen},
    doi = {10.1186/s12859-019-2952-9},
    issn = {1471-2105},
    journal = {BMC Bioinformatics},
    number = {1},
    pages = {379},
    title = {{Deconvolution of autoencoders to learn biological regulatory modules from single cell mRNA sequencing data}},
    url = {https://doi.org/10.1186/s12859-019-2952-9},
    volume = {20},
    year = {2019}
}
@article{gronbech2020,
    author = {Grønbech, Christopher Heje and Vording, Maximillian Fornitz and Timshel, Pascal N and Sønderby, Casper Kaae and Pers, Tune H and Winther, Ole},
    title = "{scVAE: variational auto-encoders for single-cell gene expression data}",
    journal = {Bioinformatics},
    volume = {36},
    number = {16},
    pages = {4415-4422},
    year = {2020},
    month = {05},
    issn = {1367-4803},
    doi = {10.1093/bioinformatics/btaa293},
    url = {https://doi.org/10.1093/bioinformatics/btaa293},
}


@article{zheng2017a,
  title = {Massively parallel digital transcriptional profiling of single cells},
  journal = {Nature Communications},
  volume = {8},
  number = {1},
  pages = {14049},
  year = {2017},
  doi = {10.1038/ncomms14049},
  author = {Zheng, Grace X.Y. and Terry, Jessica M. and Belgrader, Phillip and Ryvkin, Paul and Bent, Zachary W. and Wilson, Ryan and Ziraldo, Solongo B. and Wheeler, Tobias D. and McDermott, Geoff P. and Zhu, Junjie and Gregory, Mark T. and Shuga, Joe and Montesclaros, Luz and Underwood, Jason G. and Masquelier, Donald A. and Nishimura, Stefanie Y. and Schnall-Levin, Michael and Wyatt, Paul W. and Hindson, Christopher M. and Bharadwaj, Rajiv and Wong, Alexander and Ness, Kevin D. and Beppu, Lan W. and Deeg, H. Joachim and McFarland, Christopher and Loeb, Keith R. and Valente, William J. and Ericson, Nolan G. and Stevens, Emily A. and Radich, Jerald P. and Mikkelsen, Tarjei S. and Hindson, Benjamin J. and Bielas, Jason H.}
}

@article{satija2015a,
  title = {Spatial reconstruction of single-cell gene expression data},
  journal = {Nature Biotechnology},
  volume = {33},
  number = {5},
  pages = {495-502},
  year = {2015},
  doi = {10.1038/nbt.3192},
  author = {Satija, Rahul and Farrell, Jeffrey A. and Gennert, David and Schier, Alexander F. and Regev, Aviv}
}