@article{kinalis2019,
    author = {Kinalis, Savvas and Nielsen, Finn Cilius and Winther, Ole and Bagger, Frederik Otzen},
    doi = {10.1186/s12859-019-2952-9},
    issn = {1471-2105},
    journal = {BMC Bioinformatics},
    number = {1},
    pages = {379},
    title = {{Deconvolution of autoencoders to learn biological regulatory modules from single cell mRNA sequencing data}},
    url = {https://doi.org/10.1186/s12859-019-2952-9},
    volume = {20},
    year = {2019}
}
@article{gronbech2020,
    author = {Grønbech, Christopher Heje and Vording, Maximillian Fornitz and Timshel, Pascal N and Sønderby, Casper Kaae and Pers, Tune H and Winther, Ole},
    title = {scVAE: variational auto-encoders for single-cell gene expression data},
    journal = {Bioinformatics},
    volume = {36},
    number = {16},
    pages = {4415-4422},
    year = {2020},
    month = {05},
    issn = {1367-4803},
    doi = {10.1093/bioinformatics/btaa293},
    url = {https://doi.org/10.1093/bioinformatics/btaa293},
}


@article{zheng2017a,
  title = {Massively parallel digital transcriptional profiling of single cells},
  journal = {Nature Communications},
  volume = {8},
  number = {1},
  pages = {14049},
  year = {2017},
  doi = {10.1038/ncomms14049},
  author = {Zheng, Grace X.Y. and Terry, Jessica M. and Belgrader, Phillip and Ryvkin, Paul and Bent, Zachary W. and Wilson, Ryan and Ziraldo, Solongo B. and Wheeler, Tobias D. and McDermott, Geoff P. and Zhu, Junjie and Gregory, Mark T. and Shuga, Joe and Montesclaros, Luz and Underwood, Jason G. and Masquelier, Donald A. and Nishimura, Stefanie Y. and Schnall-Levin, Michael and Wyatt, Paul W. and Hindson, Christopher M. and Bharadwaj, Rajiv and Wong, Alexander and Ness, Kevin D. and Beppu, Lan W. and Deeg, H. Joachim and McFarland, Christopher and Loeb, Keith R. and Valente, William J. and Ericson, Nolan G. and Stevens, Emily A. and Radich, Jerald P. and Mikkelsen, Tarjei S. and Hindson, Benjamin J. and Bielas, Jason H.}
}

@article{satija2015a,
  title = {Spatial reconstruction of single-cell gene expression data},
  journal = {Nature Biotechnology},
  volume = {33},
  number = {5},
  pages = {495-502},
  year = {2015},
  doi = {10.1038/nbt.3192},
  author = {Satija, Rahul and Farrell, Jeffrey A. and Gennert, David and Schier, Alexander F. and Regev, Aviv}
}

@article{andrews2018,
title = "Identifying cell populations with scRNASeq",
journal = "Molecular Aspects of Medicine",
volume = "59",
pages = "114 - 122",
year = "2018",
note = "The emerging field of single-cell analysis",
issn = "0098-2997",
doi = "https://doi.org/10.1016/j.mam.2017.07.002",
url = "http://www.sciencedirect.com/science/article/pii/S0098299717300493",
author = "Tallulah S. Andrews and Martin Hemberg"
}

@article{Hwang2018,
author={Hwang, Byungjin
and Lee, Ji Hyun
and Bang, Duhee},
title={Single-cell RNA sequencing technologies and bioinformatics pipelines},
journal={Experimental {\&} Molecular Medicine},
year={2018},
month={Aug},
day={07},
volume={50},
number={8},
pages={96},
issn={2092-6413},
doi={10.1038/s12276-018-0071-8},
url={https://doi.org/10.1038/s12276-018-0071-8}
}

@article{Peyvandipour2020,
author={Peyvandipour, Azam
and Shafi, Adib
and Saberian, Nafiseh
and Draghici, Sorin},
title={Identification of cell types from single cell data using stable clustering},
journal={Scientific Reports},
year={2020},
month={Jul},
day={23},
volume={10},
number={1},
pages={12349},
issn={2045-2322},
doi={10.1038/s41598-020-66848-3},
url={https://doi.org/10.1038/s41598-020-66848-3}
}

@article{Olsen2018,
  doi = {10.1002/cpmb.57},
  url = {https://doi.org/10.1002/cpmb.57},
  year = {2018},
  month = apr,
  publisher = {Wiley},
  volume = {122},
  number = {1},
  author = {Thale Kristin Olsen and Ninib Baryawno},
  title = {Introduction to Single-Cell {RNA} Sequencing},
  journal = {Current Protocols in Molecular Biology}
}

@incollection{Shekhar2019,
  doi = {10.1007/978-1-4939-9057-3_4},
  url = {https://doi.org/10.1007/978-1-4939-9057-3_4},
  year = {2019},
  publisher = {Springer New York},
  pages = {45--77},
  author = {Karthik Shekhar and Vilas Menon},
  title = {Identification of Cell Types from Single-Cell Transcriptomic Data},
  booktitle = {Methods in Molecular Biology}
}

@article{Eraslan2019,
  doi = {10.1038/s41467-018-07931-2},
  url = {https://doi.org/10.1038/s41467-018-07931-2},
  year = {2019},
  month = jan,
  publisher = {Springer Science and Business Media {LLC}},
  volume = {10},
  number = {1},
  author = {G\"{o}kcen Eraslan and Lukas M. Simon and Maria Mircea and Nikola S. Mueller and Fabian J. Theis},
  title = {Single-cell {RNA}-seq denoising using a deep count autoencoder},
  journal = {Nature Communications}
}

@article{Lopez2018,
  doi = {10.1038/s41592-018-0229-2},
  url = {https://doi.org/10.1038/s41592-018-0229-2},
  year = {2018},
  month = nov,
  publisher = {Springer Science and Business Media {LLC}},
  volume = {15},
  number = {12},
  pages = {1053--1058},
  author = {Romain Lopez and Jeffrey Regier and Michael B. Cole and Michael I. Jordan and Nir Yosef},
  title = {Deep generative modeling for single-cell transcriptomics},
  journal = {Nature Methods}
}

@inproceedings{Way2017,
  doi = {10.1142/9789813235533_0008},
  url = {https://doi.org/10.1142/9789813235533_0008},
  year = {2017},
  month = nov,
  publisher = {{WORLD} {SCIENTIFIC}},
  author = {Gregory P. Way and Casey S. Greene},
  title = {Extracting a biologically relevant latent space from cancer transcriptomes with variational autoencoders},
  booktitle = {Biocomputing 2018}
}

@article{scikit-learn,
 title={Scikit-learn: Machine Learning in {P}ython},
 author={Pedregosa, F. and Varoquaux, G. and Gramfort, A. and Michel, V.
         and Thirion, B. and Grisel, O. and Blondel, M. and Prettenhofer, P.
         and Weiss, R. and Dubourg, V. and Vanderplas, J. and Passos, A. and
         Cournapeau, D. and Brucher, M. and Perrot, M. and Duchesnay, E.},
 journal={Journal of Machine Learning Research},
 volume={12},
 pages={2825--2830},
 year={2011}
}
@incollection{pytorch,
title = {PyTorch: An Imperative Style, High-Performance Deep Learning Library},
author = {Paszke, Adam and Gross, Sam and Massa, Francisco and Lerer, Adam and Bradbury, James and Chanan, Gregory and Killeen, Trevor and Lin, Zeming and Gimelshein, Natalia and Antiga, Luca and Desmaison, Alban and Kopf, Andreas and Yang, Edward and DeVito, Zachary and Raison, Martin and Tejani, Alykhan and Chilamkurthy, Sasank and Steiner, Benoit and Fang, Lu and Bai, Junjie and Chintala, Soumith},
booktitle = {Advances in Neural Information Processing Systems 32},
editor = {H. Wallach and H. Larochelle and A. Beygelzimer and F. d\textquotesingle Alch\'{e}-Buc and E. Fox and R. Garnett},
pages = {8024--8035},
year = {2019},
publisher = {Curran Associates, Inc.},
url = {http://papers.neurips.cc/paper/9015-pytorch-an-imperative-style-high-performance-deep-learning-library.pdf}
}

@article{kingma2014a,
  author = {Kingma, Diederik P. and Welling, Max},
  title = {Auto-encoding variational bayes},
  language = {eng},
  format = {article},
  journal = {2nd International Conference on Learning Representations, Iclr 2014 - Conference Track Proceedings},
  year = {2014},
}
@article{Kinalis2019,
  doi = {10.1186/s12859-019-2952-9},
  url = {https://doi.org/10.1186/s12859-019-2952-9},
  year = {2019},
  month = jul,
  publisher = {Springer Science and Business Media {LLC}},
  volume = {20},
  number = {1},
  author = {Savvas Kinalis and Finn Cilius Nielsen and Ole Winther and Frederik Otzen Bagger},
  title = {Deconvolution of autoencoders to learn biological regulatory modules from single cell {mRNA} sequencing data},
  journal = {{BMC} Bioinformatics}
}
@article{Ma2019,
  doi = {10.1101/532093},
  url = {https://doi.org/10.1101/532093},
  year = {2019},
  month = jan,
  publisher = {Cold Spring Harbor Laboratory},
  author = {Feiyang Ma and Matteo Pellegrini},
  title = {Automated identification of Cell Types in Single Cell {RNA} Sequencing}
}
@article{Johansen2019,
  doi = {10.1186/s13059-019-1766-4},
  url = {https://doi.org/10.1186/s13059-019-1766-4},
  year = {2019},
  month = aug,
  publisher = {Springer Science and Business Media {LLC}},
  volume = {20},
  number = {1},
  author = {Nelson Johansen and Gerald Quon},
  title = {{scAlign}: a tool for alignment,  integration,  and rare cell identification from {scRNA}-seq data},
  journal = {Genome Biology}
}